% Encoding: UTF-8

@article{sund_bat_2021,
	title = {{BAT}: A Benchmark suite for {AutoTuners}},
	rights = {Copyright (c) 2021},
	issn = {1892-0721},
	url = {https://ojs.bibsys.no/index.php/NIK/article/view/915},
	pages = {44--57},
	number = {1},
	journal = {Norsk {IKT}-konferanse for forskning og utdanning},
	author = {Sund, Ingunn and Kirkhorn, Knut A. and TÃ¸rring, Jacob O. and Elster, Anne. C},
	urldate = {2021-12-10},
	date = {2021-11-14},
	langid = {english},
	note = {Number: 1},
}

@article{ytopt2021,
  title = {Autotuning PolyBench benchmarks with LLVM Clang/Polly loop optimization pragmas using Bayesian optimization (extended version)},
  journal = {Concurrency and Computation. Practice and Experience},
  volume = {11},
  year = {2021},
  issn = {1532-0626},
  doi = {10.1002/cpe.6683},
  author = {Wu, X. and Kruse, M. and Balaprakash, P. and Finkel, H. and Hovland, P. and Taylor, V. and Hall, M.},
}

@conference{nugteren2015cltune,
 author={Nugteren, C. and Codreanu, V.},
 booktitle={Proceedings of the IEEE 9th International Symposium on Embedded Multicore/Many-core Systems-on-Chip ({MCSoC})},
 title={{CLTune}: A Generic Auto-Tuner for {OpenCL} Kernels},
 year={2015},
} 

@conference{filipovic2017autotuning,
  author = {Filipovi\v{c}, J. and Petrovi\v{c}, F. and Benkner, S.},
  title = {Autotuning of {OpenCL} Kernels with Global Optimizations},
  booktitle = {Proceedings of the 1st Workshop on AutotuniNg and aDaptivity AppRoaches for Energy Efficient HPC Systems ({ANDARE '17})},
  year = {2017},
}

@article{rasch2018atf,
  author = {Rasch, A. and Gorlatch, S.},
  title = {{ATF}: A generic directive-based auto-tuning framework},
  journal = {Concurrency and Computation: Practice and Experience},
  volume = {0},
  number = {0},
  pages = {e4423},
  doi = {10.1002/cpe.4423},
  year = {2018}
}

@conference{ansel2014opentuner,
 author = {Ansel, J. and Kamil, S. and Veeramachaneni, K. and Ragan-Kelley, J. and Bosboom, J. and O'Reilly, U.-M. and Amarasinghe, S.},
 title = {{OpenTuner}: An Extensible Framework for Program Autotuning},
 booktitle = {Proceedings of the 23rd International Conference on Parallel Architectures and Compilation},
 series = {PACT '14},
 year = {2014},
 isbn = {978-1-4503-2809-8},
 pages = {303--316},
 doi = {10.1145/2628071.2628092},
}

@article{strelak2019gpu,
  author = {St\v{r}el\'{a}k, D. and Sorzano, C. O. S. and Carazo, J. M. and Filipovi\v{c}, J.},
  title = {A {GPU} Acceleration of {3D} {Fourier} Reconstruction in {Cryo-EM}},
  journal = {The International Journal of High Performance Computing Applications},
  year = {2019},
  doi = {10.1177/1094342019832958},
}

@article{vanwerkhoven2018kernel,
  title = "Kernel Tuner: A search-optimizing GPU code auto-tuner",
  journal = "Future Generation Computer Systems",
  volume = "90",
  pages = "347 - 358",
  year = "2019",
  issn = "0167-739X",
  doi = "https://doi.org/10.1016/j.future.2018.08.004",
  url = "http://www.sciencedirect.com/science/article/pii/S0167739X18313359",
  author = "Werkhoven, B. van",
}

@article{balaprakash2018autotuning, 
  author={Balaprakash, P. and Dongarra, J. and Gamblin, T. and Hall, M. and Hollingsworth, J. K. and Norris, B. and Vuduc, R.}, 
  journal={Proceedings of the IEEE}, 
  title={Autotuning in High-Performance Computing Applications}, 
  year={2018}, 
  volume={106}, 
  number={11}, 
  pages={2068-2083}, 
  keywords={Tuning;Computer architecture;Tools;Runtime;Libraries;Kernel;Standards;High-performance computing;performance tuning programming systems}, 
  doi={10.1109/JPROC.2018.2841200}, 
  ISSN={0018-9219}, 
  month={Nov},
}

@conference{rasch2017atf,
  author={{Rasch}, A. and {Haidl}, M. and {Gorlatch}, S.},
  booktitle={2017 IEEE 19th International Conference on High Performance Computing and Communications; IEEE 15th International Conference on Smart City; IEEE 3rd International Conference on Data Science and Systems (HPCC/SmartCity/DSS)},
  title={{ATF}: A Generic Auto-Tuning Framework},
  year={2017},
  doi={10.1109/HPCC-SmartCity-DSS.2017.9},
}

@article{petrovic2020benchmark,
  author = {Petrovi\v{c}, F. and St\v{r}el\'{a}k, D. and Hozzov\'{a}, J. and O\v{l}ha, J. and Trembeck\'{y}, R. and Benkner, S. and Filipovi\v{c}, J.},
  title = {A benchmark set of highly-efficient {CUDA} and {OpenCL} kernels and its dynamic autotuning with Kernel Tuning Toolkit},
  journal = {Future Generation Computer Systems},
  volume = {108},
  number = {},
  pages = {161-177},
  doi = {10.1016/j.future.2020.02.069},
  year = {2020}
}

@article{olha2020exploiting,
  author={O{\v{l}}ha, J. and Hozzov{\'a}, J. and Fousek, J. and Filipovi{\v{c}}, J.},
  title={Exploiting Historical Data: Pruning Autotuning Spaces and Estimating the Number of Tuning Steps},
  journal={Concurrency and Computation: Practice and Experience},
  volume = {32},
  number = {21},
  year={2020},
  doi={10.1002/cpe.5962},
}

@article{filipovic2021cuda,
  author={Filipovi\v{c}, J. and Hozzov\'{a}, J. and Nezarat, A. and O\v{l}ha, J. and Petrovi\v{c}, F.},
  title={Searching {CUDA} code autotuning spaces with hardware performance counters: data from benchmarks running on various {GPU} architectures},
  year={2021 in press},
  publisher={Elsevier},
  volume = {},
  number = {},
  journal = {Data in Brief},
  pages = {},
}

@inproceedings{liu2021gptune,
  title={GPTune: multitask learning for autotuning exascale applications},
  author={Liu, Yang and Sid-Lakhdar, Wissam M and Marques, Osni and Zhu, Xinran and Meng, Chang and Demmel, James W and Li, Xiaoye S},
  booktitle={Proceedings of the 26th ACM SIGPLAN Symposium on Principles and Practice of Parallel Programming},
  pages={234--246},
  year={2021}
}

@inproceedings{nardi2019practical,
  title={Practical design space exploration},
  author={Nardi, Luigi and Koeplinger, David and Olukotun, Kunle},
  booktitle={2019 IEEE 27th International Symposium on Modeling, Analysis, and Simulation of Computer and Telecommunication Systems (MASCOTS)},
  pages={347--358},
  year={2019},
  organization={IEEE}
}

@article{filipovic2022using,
  title = {Using hardware performance counters to speed up autotuning convergence on GPUs},
  journal = {Journal of Parallel and Distributed Computing},
  volume = {160},
  pages = {16-35},
  year = {2022},
  issn = {0743-7315},
  doi = {https://doi.org/10.1016/j.jpdc.2021.10.003},
  author = {Filipovi\v{c}, J. and Hozzov\'{a}, J. and Nezarat A. and O\v{l}ha, J. and Petrovi\v{c}, F.},
}

@Online
{
    opencl-hierarchy-diagram,
    author = {Wikipedia},
    title = {OpenCL Hierarchy Diagram},
    url = {https://de.wikipedia.org/wiki/OpenCL},
    urldate = {2018-04-24}
}
